<?xml version="1.0" encoding="UTF-8"?><collection xmlns="http://www.loc.gov/MARC21/slim"><record><leader>00465nam--2200169-i-4500</leader><controlfield tag="001">000014965</controlfield><controlfield tag="002">20161230</controlfield><controlfield tag="005">20161230201031</controlfield><controlfield tag="008">060222s1000------------r-----000-0-eng-d</controlfield><datafield ind1=" " ind2=" " tag="040"><subfield code="a">IFIN-HH</subfield></datafield><datafield ind1=" " ind2=" " tag="080"><subfield code="a">517.983</subfield></datafield><datafield ind1="1" ind2=" " tag="100"><subfield code="a">Bognar, Janos</subfield></datafield><datafield ind1=" " ind2=" " tag="245"><subfield code="a">Indefinite inner product spaces</subfield></datafield><datafield ind1=" " ind2=" " tag="260"><subfield code="a">Berlin, Springer-verlag, 1974. Ix + 226 P</subfield></datafield><datafield ind1=" " ind2=" " tag="490"><subfield code="a">Ergebnisse Der Mathematik Und Ihrer Grezgebie Te</subfield></datafield><datafield ind1=" " ind2=" " tag="852"><subfield code="a">75980</subfield><subfield code="c">517.9</subfield></datafield><datafield ind1=" " ind2=" " tag="CAT"><subfield code="a">Sys</subfield><subfield code="c">20090522</subfield><subfield code="h">103437</subfield></datafield></record></collection>